@article{brest2006self,
  title={Self-adapting control parameters in differential evolution: A comparative study on numerical benchmark problems},
  author={Brest, Janez and Greiner, Sao and Boskovic, Borko and Mernik, Marjan and Zumer, Viljem},
  journal={IEEE transactions on evolutionary computation},
  volume={10},
  number={6},
  pages={646--657},
  year={2006},
  publisher={IEEE}
}

@article{storn1997differential,
  title={Differential evolution--a simple and efficient heuristic for global optimization over continuous spaces},
  author={Storn, Rainer and Price, Kenneth},
  journal={Journal of global optimization},
  volume={11},
  number={4},
  pages={341--359},
  year={1997},
  publisher={Springer}
}

@book{engelbrecht2007computational,
  title={Computational intelligence: an introduction},
  author={Engelbrecht, Andries P},
  year={2007},
  publisher={John Wiley \& Sons}
}

@inproceedings{dai2016cooperative,
  title={Cooperative coevolution with dependency identification grouping for large scale global optimization},
  author={Dai, Guangming and Chen, Xiaoyu and Chen, Liang and Wang, Maocai and Peng, Lei},
  booktitle={Evolutionary Computation (CEC), 2016 IEEE Congress on},
  pages={5201--5208},
  year={2016},
  organization={IEEE}
}

@inproceedings{omidvar2010cooperative,
  title={Cooperative co-evolution with delta grouping for large scale non-separable function optimization},
  author={Omidvar, Mohammad Nabi and Li, Xiaodong and Yao, Xin},
  booktitle={Evolutionary Computation (CEC), 2010 IEEE Congress on},
  pages={1--8},
  year={2010},
  organization={IEEE}
}

@inproceedings{yang2008multilevel,
  title={Multilevel cooperative coevolution for large scale optimization},
  author={Yang, Zhenyu and Tang, Ke and Yao, Xin},
  booktitle={Evolutionary Computation, 2008. CEC 2008.(IEEE World Congress on Computational Intelligence). IEEE Congress on},
  pages={1663--1670},
  year={2008},
  organization={IEEE}
}

@inproceedings{yang2007differential,
  title={Differential evolution for high-dimensional function optimization},
  author={Yang, Zhenyu and Tang, Ke and Yao, Xin},
  booktitle={Evolutionary Computation, 2007. CEC 2007. IEEE Congress on},
  pages={3523--3530},
  year={2007},
  organization={IEEE}
}